@MISC{pi_product_page,
	HOWPUBLISHED = "\url{https://www.raspberrypi.org/products/raspberry-pi-3-model-b/}",
	AUTHOR = "Raspberry pi foundation",
	TITLE = "Raspberry Pi 3 Model B",
	NOTE = "Accessed on 9/05/2020"
}

@MISC{pi_product_price,
	HOWPUBLISHED = "\url{https://thepihut.com/products/raspberry-pi-3-model-b?src=raspberrypi}",
	AUTHOR = "the pi Hut",
	TITLE = "Raspberry Pi 3 Model B product page",
	NOTE = "Accessed on 9/05/2020"
}

@MISC{level_shifter,
	HOWPUBLISHED = "\url{https://playground.arduino.cc/Main/I2CBi-directionalLevelShifter/}",
	AUTHOR = "Arduino",
	TITLE = "I2C bi-directional level shifter",
	NOTE = "Accessed on 21/04/2020"
}

@MISC{amp_circuit,
	HOWPUBLISHED = "\url{https://www.circuitbasics.com/build-a-great-sounding-audio-amplifier-with-bass-boost-from-the-lm386/}",
	AUTHOR = "Circuit Basics",
	TITLE = "Build a Great Sounding Audio Amplifier from the LM386",
	NOTE = "Accessed on 27/04/2020"
}
@MISC{speakers,
	HOWPUBLISHED = "\url{https://uk.rs-online.com/web/p/miniature-speakers/7243100/}",
	AUTHOR = "RS Components",
	TITLE = "RS Components product page",
	NOTE = "Accessed on 27/04/2020"
}

@MISC{h-bridge,
	HOWPUBLISHED = "\url{https://www.modularcircuits.com/blog/articles/h-bridge-secrets/h-bridges-the-basics/}",
	AUTHOR = "Modular circuits",
	TITLE = "H-Bridges â€“ the Basics",
	NOTE = "Accessed on 09/05/2020"
}

@MISC{ras_pi_schematic,
	HOWPUBLISHED = "\url{https://www.raspberrypi.org/documentation/hardware/raspberrypi/schematics/rpi_SCH_3bplus_1p0_reduced.pdf}",
	AUTHOR = "Raspberry pi foundation",
	TITLE = "Raspberry Pi 3 Model B+ (Reduced Schematic)",
	NOTE = "Date created: 19/03/2018"
}

@MISC{GPIO_functions,
	HOWPUBLISHED = "\url{https://elinux.org/RPi_BCM2835_GPIOs}",
	AUTHOR = "Elinux",
	TITLE = "RPi BCM2835 GPIOs",
	NOTE = "Accessed on 27/04/2020 , Published on 6/04/2020"
}
@MISC{pi_cam_product,
	HOWPUBLISHED = "\url{https://www.raspberrypi.org/products/camera-module-v2/}",
	AUTHOR = "Raspberry pi foundation",
	TITLE = "Camera Module V2",
	NOTE = "Accessed on 9/05/2020"
}

@MISC{pi2c,
	HOWPUBLISHED = "\url{https://github.com/JohnnySheppard/Pi2c}",
	AUTHOR = "Johnny Sheppard",
	TITLE = "Raspberry Pi C++ library for easy I2C communication to and from an Arduino",
	NOTE = "Accessed on 9/05/2020 , Last edited on 3/11/2014"
}

